

@article{ai2021optimal,
  title={{Optimal subsampling algorithms for Big data regressions}},
  author={Ai, Mingyao and Yu, Jun and Zhang, Huiming and Wang, HaiYing},
  journal={Statistica Sinica},
  volume={31},
  pages={749--772},
  year={2021}%,
  %doi={https://doi.org/10.5705/ss.202018.0439}
}

%@article{mahendran2022model,
%  title={A model robust sub-sampling approach for Generalised Linear Models in Big data settings},
%  author={Mahendran, Amalan and Thompson, Helen and McGree, James M},
%  journal={arXiv preprint arXiv:2207.14440},
%  year={2022}
%}
